@online{frdmk66UserGuide,
  title   = {Freedom FRDM-K66F Development Platform User's Guide},
  note    = {Dostupné z: \url{https://www.nxp.com/docs/en/user-guide/FRDMK66FUG.pdf}},
  urldate = {2024-03-21}
}
@online{FXOS8700CQ,
  title   = {FXOS8700CQ, 6-axis sensor with integrated linear accelerometer and magnetometer},
  note    = {Dostupné z: \url{https://www.nxp.com/docs/en/data-sheet/FXOS8700CQ.pdf}},
  urldate = {2024-04-10}
}

@online{FXAS21002,
  title   = {FXAS21002, 3-Axis Digital Angular Rate Gyroscope - Data sheet},
  note    = {Dostupné z: \url{https://www.nxp.com/docs/en/data-sheet/FXAS21002.pdf}},
  urldate = {2024-04-10}
}
